<record><leader>00000cas a2200000 a 4500</leader><controlfield tag="001">11822156</controlfield><controlfield tag="008">850319c19579999ksuwr ne      0   a0eng c</controlfield><controlfield tag="009">3789</controlfield><datafield ind1=" " ind2=" " tag="010"><subfield code="a">sn 85031025 </subfield></datafield><datafield ind1=" " ind2=" " tag="040"><subfield code="a">KSH</subfield><subfield code="b">eng</subfield><subfield code="c">KSH</subfield><subfield code="d">NPT</subfield><subfield code="d">OCL</subfield><subfield code="d">DLC</subfield></datafield><datafield ind1=" " ind2=" " tag="012"><subfield code="l">1</subfield></datafield><datafield ind1="0" ind2=" " tag="022"><subfield code="a">2159-4422</subfield><subfield code="2">1</subfield></datafield><datafield ind1=" " ind2=" " tag="037"><subfield code="b">Hoch Publishing Co., Inc., P.O. Box 278, Marion, KS  66861-0278</subfield></datafield><datafield ind1=" " ind2=" " tag="042"><subfield code="a">pcc</subfield><subfield code="a">nsdp</subfield></datafield><datafield ind1="1" ind2="0" tag="050"><subfield code="a">ISSN RECORD</subfield></datafield><datafield ind1="1" ind2="0" tag="082"><subfield code="a">070</subfield><subfield code="2">14</subfield></datafield><datafield ind1="0" ind2=" " tag="130"><subfield code="a">Marion County record (Marion, Kan. : 1957)</subfield></datafield><datafield ind1=" " ind2="0" tag="222"><subfield code="a">Marion County record</subfield><subfield code="b">(Print)</subfield></datafield><datafield ind1="0" ind2="0" tag="245"><subfield code="a">Marion County record.</subfield></datafield><datafield ind1="1" ind2=" " tag="246"><subfield code="a">Record</subfield></datafield><datafield ind1=" " ind2=" " tag="260"><subfield code="a">Marion, Kan. :</subfield><subfield code="b">Wharton Hoch,</subfield><subfield code="c">1957-</subfield></datafield><datafield ind1=" " ind2=" " tag="300"><subfield code="a">v. :</subfield><subfield code="b">ill. ;</subfield><subfield code="c">59 cm.</subfield></datafield><datafield ind1=" " ind2=" " tag="310"><subfield code="a">Weekly</subfield></datafield><datafield ind1="0" ind2=" " tag="362"><subfield code="a">Vol. 88, no. 1 (Sept. 12, 1957)-</subfield></datafield><datafield ind1=" " ind2=" " tag="500"><subfield code="a">Published by Hoch Pub. Co., Jan. 2, 1969- .</subfield></datafield><datafield ind1=" " ind2=" " tag="588"><subfield code="a">Latest issue consulted: Vol. 142, no. 13 (Dec. 22, 2010) (surrogate).</subfield></datafield><datafield ind1=" " ind2=" " tag="752"><subfield code="a">United States</subfield><subfield code="b">Kansas</subfield><subfield code="c">Marion</subfield><subfield code="d">Marion.</subfield></datafield><datafield ind1="0" ind2="8" tag="776"><subfield code="i">Also available online:</subfield><subfield code="t">Marion County record</subfield><subfield code="x">2159-4430</subfield><subfield code="w">(DLC)  2011201588</subfield><subfield code="w">(OCoLC)696332355</subfield></datafield><datafield ind1="0" ind2="0" tag="780"><subfield code="t">Marion record-review</subfield><subfield code="w">(DLC)sn 85031024</subfield></datafield><datafield ind1="4" ind2="1" tag="856"><subfield code="u">http://marionrecord.com/</subfield></datafield></record>